@Book{hollywood,
author = {Sandro Corsaro},
title = {Hollywood 2D Digital Animation},
publisher = {Thomson, course technology},
year = {2005},
edition = {1}
}

@Misc{wikipedia,
key = {Wik},
title = {Enciclopedia wikipedia},
howpublished = {Pagina web},
month = {mayo},
year = {2006},
note = {http://es.wikipedia.org}
}

@Misc{smil,
key = {SMIL},
title = {Synchronized Multimedia Integration Language (SMIL 2.1)},
howpublished = {Pagina web},
month = {mayo},
year = {2006},
note = {http://www.w3.org/TR/SMIL2/}
}

@Misc{svg,
key = {SVG},
title = {Scalable Vector Graphics (SVG) 1.1 Specification},
howpublished = {Pagina web},
month = {mayo},
year = {2006},
note = {http://www.w3.org/TR/SVG11/}
}



